% PUBLICATIONS BIBTEX FILE

@conference{Oettershagen_ICRA2015,
	title={{A Solar-Powered Hand-Launchable UAV for Low-Altitude Multi-Day Continuous Flight}},
	author={Oettershagen, Philipp and Melzer, Amir and Mantel, Thomas and Rudin, Konrad and Lotz, Rainer and Siebenmann, Dieter and Leutenegger, Stefan and Alexis, Kostas and Siegwart, Roland},
	year={2015},
	booktitle={{IEEE International Conference on Robotics and Automation (ICRA)}},
	keywords={conference}
}

@article{Oettershagen_JFR2016,
	author  = "Philipp Oettershagen and Amir Melzer and Thomas Mantel and Konrad Rudin and Thomas Stastny and Bartosz Wawrzacz and Timo Hinzmann and Stefan Leutenegger and Kostas Alexis and Roland Siegwart",
	title   = {{Design of small hand-launched solar-powered UAVs: From concept study to a multi-day world endurance record flight}},
	year    = "2016",
	journal = "Journal of Field Robotics",
	notes = "In press",
	keywords={journal}
}

@Inbook{Oettershagen_FSR2016,
author="Oettershagen, Philipp
and Stastny, Thomas
and Mantel, Thomas
and Melzer, Amir
and Rudin, Konrad
and Gohl, Pascal
and Agamennoni, Gabriel
and Alexis, Kostas
and Siegwart, Roland",
editor="Wettergreen, S. David
and Barfoot, D. Timothy",
title="Long-Endurance Sensing and Mapping Using a Hand-Launchable Solar-Powered UAV",
bookTitle="Field and Service Robotics: Results of the 10th International Conference",
year="2016",
publisher="Springer International Publishing",
address="Cham",
pages="441--454",
isbn="978-3-319-27702-8",
doi="10.1007/978-3-319-27702-8_29",
url="http://dx.doi.org/10.1007/978-3-319-27702-8_29",
keywords={book}
}

@inproceedings{Vempati_ISVC2015,
  title={{Victim Detection from a Fixed-wing UAV: Experimental Results}},
  author={Vempati, A. and Agamennoni, G. and Stastny, T. and Siegwart, R.},
  booktitle={{International Symposium on Visual Computing (ISVC)}},
  year={2015},
  keywords={conference}
}

